%-------------------------------------------------
% MODELO

@book{aggarwal2015data,
  title     = {Data mining: the textbook},
  author    = {Aggarwal, Charu C},
  year      = {2015},
  publisher = {Springer},
  address   = {Su{\' i}{\c c}a}
}

@book{bengfort2018applied,
  title     = {Applied Text Analysis with Python: Enabling Language-Aware Data Products with Machine Learning},
  author    = {Bengfort, Benjamin and Bilbro, Rebecca and Ojeda, Tony},
  year      = {2018},
  edition   = {1},
  address   = {United States of America},
  publisher = {" O'Reilly Media, Inc."}
}
	
@book{bramer2007principles,
  title     = {Principles of data mining},
  author    = {Bramer, Max},
  volume    = {180},
  year      = {2007},
  publisher = {Springer},
  address   = {Londres}
}

%-------------------------------------------------
% LIVRO


@online{brasil20online,
  author  = {Minist\' erio da Sa\'ude Brasil},
  title   = {O que \' e COVID-19},
  year    = 2020,
  url     = {https://coronavirus.saude.gov.br/sobre-a-doenca#o-que-e-covid},
  urldate = {2020-04-16}
}

@book{brownlee2017deep,
  title     = {Deep Learning for Natural Language Processing: Develop Deep Learning Models for your Natural Language Problems},
  author    = {Brownlee, Jason},
  year      = {2017},
  edition   = {1},
  address   = {},
  publisher = {Machine Learning Mastery}
}

@book{dinov2018data,
  title     = {Data science and predictive analytics: Biomedical and health applications using R},
  author    = {Dinov, Ivo D},
  year      = {2018},
  publisher = {Springer},
  address   = {Su{\' i}{\c c}a}
}

@article{example,
  title     = {title of article},
  author    = {author of article},
  journal   = {journal of article},
  volume    = {10},
  number    = {10},
  pages     = {1000--1001},
  year      = {2000},
  publisher = {publisher of article}
}

@book{example00,
  title     = {title of book},
  author    = {author of book},
  publisher = {publisher of book},
  address   = {location},
  year      = {0000}
}

@online{example01online,
  author  = {author of webpage},
  title   = {{title of web page} subtitle of webpage},
  year    = 0001,
  url     = {http://linktowebpage.com},
  urldate = {2000-10-30}
}

@book{geron19,
  title     = {{Mão à Obra} Aprendizado de Máquina com Scikit-Learn \& TensorFlow – Conceitos, Ferramentas e Técnicas para Construção de Sistemas Inteligentes},
  author    = {A Geron},
  address   = {Rio de Janeiro},
  publisher = {Alta Books},
  year      = {2019}
}

@article{gubbi2013internet,
  title     = {Internet of Things (IoT): A vision, architectural elements, and future directions},
  author    = {Gubbi, Jayavardhana and Buyya, Rajkumar and Marusic, Slaven and Palaniswami, Marimuthu},
  journal   = {Future generation computer systems},
  volume    = {29},
  number    = {7},
  pages     = {1645--1660},
  year      = {2013},
  publisher = {Elsevier}
}

@book{ib2008,
  address = {Foz do Igua{\c c}u},
  author  = {Itaipu Binacional and Ademar Sergio Fiorini},
  editor  = {Fotolaser Gr{\'a}fica e Editora Ltda},
  title   = {Usina hidrel{\'e}trica de Itaipu: aspectos t{\'e}cnicos das estruturas civis},
  year    = {2008}
}

%-------------------------------------------------
% ONLINE

@online{kaggle20online,
  author  = {Kaggle.com},
  title   = {{COVID-19 Open Research Dataset Challenge (CORD-19)} An AI challenge with AI2, CZI, MSR, Georgetown, NIH \& The White House},
  year    = 2020,
  url     = {https://www.kaggle.com/allen-institute-for-ai/CORD-19-research-challenge/tasks},
  urldate = {2020-04-16}
}

@inproceedings{kaur2016comparison,
  title        = {Comparison of text mining tools},
  author       = {Kaur, Arvinder and Chopra, Deepti},
  booktitle    = {2016 5th International Conference on Reliability, Infocom Technologies and Optimization (Trends and Future Directions)(ICRITO)},
  pages        = {186--192},
  year         = {2016},
  organization = {IEEE},
  address      = {India}
}

@book{lakatos2001metodologia,
  title  = {Metodologia do trabalho cient{\'\i}fico: procedimentos b{\'a}sicos, pesquisa bibliogr{\'a}fica, projeto e relat{\'o}rio, publica{\c{c}}{\~o}es e trabalhos cient{\'\i}ficos},
  author = {Lakatos, Eva Maria and de Andrade Marconi, Marina},
  year   = {2001}
}

% TODO: Arrumar esta citação, ela é de um artigo online
@article{monard2003,
  author  = {Maria Carolina Monard},
  journal = {Applied Artificial Inteligence},
  number  = {17},
  pages   = {519-533},
  title   = {An analysis of four missing data treatment methods for supervised learning},
  year    = {2003}
}

%-------------------------------------------------
% ARTIGO

@book{pressman2016engenharia,
  title     = {Engenharia de Software},
  edition   = {8},
  author    = {Pressman, Roger and Maxim, Bruce},
  year      = {2016},
  publisher = {McGraw Hill},
  address   = {Brasil}
}